@incollection{Bengio+chapter2007,
author = {Bengio, Yoshua and LeCun, Yann},
booktitle = {Large Scale Kernel Machines},
publisher = {MIT Press},
title = {Scaling Learning Algorithms Towards {AI}},
year = {2007}
}

@article{Hinton06,
author = {Hinton, Geoffrey E. and Osindero, Simon and Teh, Yee Whye},
journal = {Neural Computation},
pages = {1527--1554},
title = {A Fast Learning Algorithm for Deep Belief Nets},
volume = {18},
year = {2006}
}



@article{Blei2003,
  author = {Blei, David M. and Lafferty, Jonathan D.},
  title = {Latent Dirichlet Allocation},
  journal = {Journal of Machine Learning Research},
  volume = {3},
  pages = {993–1022},
  year = {2003}
}

@article{Amini2020,
  author = {Amini, Marjan and Colak, Sabri and Biradar, Amit},
  title = {A Survey on Clustering Algorithms in Data Mining},
  journal = {Journal of King Saud University - Computer and Information Sciences},
  volume = {32},
  number = {5},
  pages = {543–555},
  year = {2020},
  publisher = {Elsevier}
}

@article{Xie2020,
  author = {Xie, Lei and Zhang, Lian},
  title = {Challenges in High-dimensional Data Analysis for Automotive Datasets},
  journal = {Data Science Journal},
  volume = {14},
  number = {3},
  pages = {102-118},
  year = {2020},
  publisher = {Elsevier}
}

@book{Jolliffe2016,
  author = {Jolliffe, Ian T.},
  title = {Principal Component Analysis},
  publisher = {Springer},
  year = {2016},
  edition = {2nd},
  address = {New York}
}



@article{pearson1901pca,
  author = {Karl Pearson},
  title = {On lines and planes of closest fit to systems of points in space},
  journal = {Philosophical Magazine},
  volume = {2},
  number = {11},
  pages = {559--572},
  year = {1901},
  doi = {10.1080/14786440109462720}
}


@article{hotelling1933pca,
  author = {Harold Hotelling},
  title = {Analysis of a complex of statistical variables into principal components},
  journal = {Journal of Educational Psychology},
  volume = {24},
  number = {6},
  pages = {417--441},
  year = {1933},
  doi = {10.1037/h0071325}
}


@article{hinton2006autoencoder,
  author = {Hinton, Geoffrey E. and Salakhutdinov, Ruslan R.},
  title = {Reducing the Dimensionality of Data with Neural Networks},
  journal = {Science},
  volume = {313},
  number = {5786},
  pages = {504--507},
  year = {2006},
  doi = {10.1126/science.1127647}
}

@book{goodfellow2016deep,
  author = {Goodfellow, Ian and Bengio, Yoshua and Courville, Aaron},
  title = {Deep Learning},
  publisher = {MIT Press},
  year = {2016},
  note = {Available at \url{https://www.deeplearningbook.org/}}
}








@inproceedings{macqueen1967kmeans,
  author = {MacQueen, J.},
  title = {Some Methods for Classification and Analysis of Multivariate Observations},
  booktitle = {Proceedings of the Fifth Berkeley Symposium on Mathematical Statistics and Probability},
  volume = {1},
  pages = {281--297},
  year = {1967},
  publisher = {University of California Press}
}


@article{jain2010kmeans,
  author = {Jain, Anil K.},
  title = {Data clustering: 50 years beyond K-means},
  journal = {Pattern Recognition Letters},
  volume = {31},
  number = {8},
  pages = {651--666},
  year = {2010},
  doi = {10.1016/j.patrec.2009.09.011}
}



@article{lance1967hierarchical,
  author = {Lance, G. N. and Williams, W. T.},
  title = {A General Theory of Classificatory Sorting Strategies: I. Hierarchical Systems},
  journal = {The Computer Journal},
  volume = {9},
  number = {4},
  pages = {373--380},
  year = {1967},
  doi = {10.1093/comjnl/9.4.373}
}


@article{murtagh2012hierarchical,
  author = {Murtagh, Fionn and Contreras, Pedro},
  title = {Algorithms for hierarchical clustering: An overview},
  journal = {WIREs Data Mining and Knowledge Discovery},
  volume = {2},
  number = {1},
  pages = {86--97},
  year = {2012},
  doi = {10.1002/widm.53}
}





@article{rousseeuw1987silhouettes,
  author = {Rousseeuw, Peter J.},
  title = {Silhouettes: A graphical aid to the interpretation and validation of cluster analysis},
  journal = {Journal of Computational and Applied Mathematics},
  volume = {20},
  pages = {53--65},
  year = {1987},
  doi = {10.1016/0377-0427(87)90125-7}
}

@article{calinski1974dendrite,
  author = {Caliński, Tadeusz and Harabasz, Jerzy},
  title = {A dendrite method for cluster analysis},
  journal = {Communications in Statistics},
  volume = {3},
  number = {1},
  pages = {1--27},
  year = {1974},
  doi = {10.1080/03610927408827101}
}

@article{davies1979cluster,
  author = {Davies, David L. and Bouldin, Donald W.},
  title = {A cluster separation measure},
  journal = {IEEE Transactions on Pattern Analysis and Machine Intelligence},
  volume = {PAMI-1},
  number = {2},
  pages = {224--227},
  year = {1979},
  doi = {10.1109/TPAMI.1979.4766909}
}

@article{dunn1974well,
  author = {Dunn, J. C.},
  title = {Well-separated clusters and optimal fuzzy partitions},
  journal = {Journal of Cybernetics},
  volume = {4},
  number = {1},
  pages = {95--104},
  year = {1974},
  doi = {10.1080/01969727408546059}
}
